@misc{tutorial,
	title = {{OpenCV}: {Face} {Recognition} with {OpenCV}},
	url = {http://docs.opencv.org/3.1.0/da/d60/tutorial_face_main.html},
	urldate = {2017-03-22},
	file = {OpenCV\: Face Recognition with OpenCV:files/12/tutorial_face_main.html:text/html}
}

@misc{knn,
	title = {{OpenCV}: cv::ml::{KNearest} {Class} {Reference}},
	url = {http://docs.opencv.org/3.1.0/dd/de1/classcv_1_1ml_1_1KNearest.html},
	urldate = {2017-03-22},
	file = {OpenCV\: cv\:\:ml\:\:KNearest Class Reference:files/14/classcv_1_1ml_1_1KNearest.html:text/html}
}

@misc{traindata,
	title = {{OpenCV}: cv::ml::{TrainData} {Class} {Reference}},
	url = {http://docs.opencv.org/3.1.0/dc/d32/classcv_1_1ml_1_1TrainData.html},
	urldate = {2017-03-22},
	file = {OpenCV\: cv\:\:ml\:\:TrainData Class Reference:files/16/classcv_1_1ml_1_1TrainData.html:text/html}
}
